%% This BibTeX bibliography file was created using BibDesk.
%% http://bibdesk.sourceforge.net/

%% Created for Arthur Senna at 2019-12-04 11:07:35 -0300 


%% Saved with string encoding Unicode (UTF-8) 



@article{robu-valentin-flyn:ethical-social-challenges-ai,
	Abstract = {Artificial intelligence and machine learning are increasingly seen as key technologies for building more decentralized and resilient energy grids. However, researchers must consider the ethical and social implications of these developments.},
	Author = {Robu, Valentin and Flynn, David and Andoni, Merlinda and Mokhtar, Maizura},
	Da = {2019/11/25},
	Date-Added = {2019-12-04 11:04:41 -0300},
	Date-Modified = {2019-12-04 11:05:55 -0300},
	Doi = {10.1038/s42256-019-0120-6},
	Id = {Robu2019},
	Isbn = {2522-5839},
	Journal = {Nature Machine Intelligence},
	Title = {Consider ethical and social challenges in smart grid research},
	Ty = {JOUR},
	Url = {https://doi.org/10.1038/s42256-019-0120-6},
	Year = {2019},
	Bdsk-Url-1 = {https://doi.org/10.1038/s42256-019-0120-6}}
